@article{ddaniso2024,
  title={Data-Driven Anisotropic Biomembrane Simulation Based on the Laplace Stretch},
  author={Liogky, Alexey and Salamatova, Victoria},
  journal={Computation},
  volume={12},
  number={3},
  pages={39},
  year={2024},
  publisher={MDPI},
  doi={10.3390/computation12030039}
}

@article{pearce2022combining,
  title={Combining unique planar biaxial testing with full-field thickness and displacement measurement for spatial characterization of soft tissues},
  author={Pearce, Daniel and Nemcek, Mark and Witzenburg, Colleen},
  journal={Current Protocols},
  volume={2},
  number={7},
  pages={e493},
  year={2022},
  publisher={Wiley Online Library}
}

@article{xi2023,
  title={Interpretable data-driven modeling of hyperelastic membranes},
  author={Salamatova, Victoria and Liogky, Alexey},
  journal={International Journal for Numerical Methods in Biomedical Engineering},
  volume={39},
  number={11},
  pages={e3757},
  year={2023},
  publisher={Wiley Online Library}
}

@inproceedings{icnn2017,
  title={Input convex neural networks},
  author={Amos, Brandon and Xu, Lei and Kolter, J Zico},
  booktitle={International conference on machine learning},
  pages={146--155},
  year={2017},
  organization={PMLR}
}

@book{antman2005nonlin,
  title={Nonlinear problems of elasticity},
  author={Antman, Stuart S},
  year={2005},
  publisher={Springer}
}

@article{kingma2014adam,
  title={Adam: A method for stochastic optimization},
  author={Kingma, Diederik P and Ba, Jimmy},
  journal={arXiv preprint arXiv:1412.6980},
  year={2014}
}

@book{ogden1997nonlinear,
  title={Non-Linear Elastic Deformations},
  author={Ogden, R.W.},
  year={1997},
  publisher={Dover Publications},
  isbn={978-0486696481}
}

@article{dugas2001incorporating,
  title={Incorporating second-order functional knowledge for better option pricing},
  author={Dugas, Charles and Bengio, Yoshua and Bélisle, François and Nadeau, Claude and Garcia, René},
  journal={Advances in neural information processing systems},
  volume={13},
  year={2001}
}